@ARTICLE{ncs99,
  author={ Busso M. and R. Gallino and G.J. Wasserburg. },
  title={Nucleosynthesis in Asymptotic Giant Branch Stars: Relevance for Galactic Enrichment and Solar System Formation.},
  journal={ Annu. Rev. Astron. Astrophys. },
  volume={37},
  year={1999},
  pages={ 239-309 }
  }

@article{ncs02,
  author={Woosley S. E.},
  title={The Evolution and Explosion of Massive Stars},
  journal={Reviews of Modern Physics},
  volume={74},
  year={2002},
  pages={1015-1071 }
  }

@article{mmo17,
  author={ Collaboration and LIGO Scientific and Virgo Collaboration and et al. },
  title={Multi-Messenger Observations of a Binary Neutron Star Merger.},
  journal={ The Astrophysical Journal Letters },
  volume={848},
  year={2017}
  }


@article{rpro07,
  author={ Arnould M. and S. Goriely and K. Takahashi. },
  title={The r-Process of Stellar Nucleosynthesis: Astrophysics and Nuclear Physics Achievements and Mysteries. },
  journal={ Physics Reports },
  volume={450},
  year={2007},
  pages={ 97-213 }
  }

@online{moog,
  author={ Christopher Sneden },
  title={ MOOG Astrophysics Software },
  url={ https://www.as.utexas.edu/~chris/moog.html }
}